 @book{nnlbook,
    title = "Deep Learning with Python",
    author = "Chollet, F.",
    year = "2018"
 }